@book{yudkowsky2025IABIED,
  author    = {Eliezer Yudkowsky and Nate Soares},
  title     = {If Anyone Builds It, Everyone Dies},
  year      = {2025},
  publisher = {Machine Intelligence Research Institute},
  address   = {Berkeley, CA},
  note      = {Published September 2025}
}

@article{alexander2025reviewIABIED,
  author       = {Scott Alexander},
  title        = {Book Review: {If Anyone Builds It, Everyone Dies}},
  journal      = {Astral Codex Ten},
  year         = {2025},
  month        = {September},
  url          = {https://astralcodexten.substack.com/p/book-review-if-anyone-builds-it-everyone},
  note         = {Review of Yudkowsky \& Soares, {If Anyone Builds It, Everyone Dies}}
}

@article{collier2025reviewIABIED,
  author       = {Clara Collier},
  title        = {More Was Possible: A Review of {If Anyone Builds It, Everyone Dies}},
  journal      = {Asterisk Magazine},
  year         = {2025},
  month        = {September},
  url          = {https://asteriskmag.com/article/more-was-possible-review-iabied},
  note         = {Review of Yudkowsky \& Soares, {If Anyone Builds It, Everyone Dies}}
}

@misc{hanson2024culturaldrift,
  author       = {Robin Hanson},
  title        = {Beware Cultural Drift},
  year         = {2024},
  month        = {May},
  howpublished = {YouTube, SciFuture channel},
  url          = {https://www.youtube.com/watch?v=36},
  note         = {Talk on the risks of cultural monoculture and societal drift}
}

@book{martinson1956aniara,
  author    = {Harry Martinson},
  title     = {Aniara: An Epic Science Fiction Poem},
  year      = {1956},
  publisher = {Bonniers},
  note      = {English translation by Hugh MacDiarmid and Elspeth Harley Schubert, 1963}
}

@incollection{genesis11,
  author    = {{The Hebrew Bible}},
  title     = {Genesis 11:1--9, The Tower of Babel},
  booktitle = {The Old Testament},
  publisher = {Various},
  note      = {Standard reference to the Babel story}
}

@article{jacobson1995thermodynamics,
  author  = {Ted Jacobson},
  title   = {Thermodynamics of Spacetime: The Einstein Equation of State},
  journal = {Physical Review Letters},
  volume  = {75},
  pages   = {1260--1263},
  year    = {1995},
  doi     = {10.1103/PhysRevLett.75.1260}
}

@article{verlinde2011entropic,
  author  = {Erik Verlinde},
  title   = {On the Origin of Gravity and the Laws of Newton},
  journal = {Journal of High Energy Physics},
  volume  = {2011},
  number  = {4},
  pages   = {29},
  year    = {2011},
  doi     = {10.1007/JHEP04(2011)029}
}

@article{barandes2022unistochastic,
  author  = {Jacob A. Barandes},
  title   = {Unistochastic Quantum Theory},
  journal = {Foundations of Physics},
  volume  = {52},
  number  = {6},
  pages   = {94},
  year    = {2022},
  doi     = {10.1007/s10701-022-00623-4}
}

@article{friston2010free,
  author  = {Karl Friston},
  title   = {The Free-Energy Principle: A Unified Brain Theory?},
  journal = {Nature Reviews Neuroscience},
  volume  = {11},
  pages   = {127--138},
  year    = {2010},
  doi     = {10.1038/nrn2787}
}

@article{landauer1961irreversibility,
  author  = {Rolf Landauer},
  title   = {Irreversibility and Heat Generation in the Computing Process},
  journal = {IBM Journal of Research and Development},
  volume  = {5},
  number  = {3},
  pages   = {183--191},
  year    = {1961},
  doi     = {10.1147/rd.53.0183}
}

@book{lurie2009higher,
  author    = {Jacob Lurie},
  title     = {Higher Topos Theory},
  year      = {2009},
  publisher = {Princeton University Press},
  address   = {Princeton, NJ},
  doi       = {10.1515/9781400830558}
}
