
ok{applebaum2020twilight,
  title={Twilight of Democracy: The Seductive Lure of Authoritarianism},
  author={Applebaum, Anne},
  year={2020},
  publisher={Doubleday}
}
@book{graeber2018bullshit,
  title={Bullshit Jobs: A Theory},
  author={Graeber, David},
  year={2018},
  publisher={Simon \& Schuster}
}
@book{graeber2021dawn,
  title={The Dawn of Everything: A New History of Humanity},
  author={Graeber, David and Wengrow, David},
  year={2021},
  publisher={Farrar, Straus and Giroux}
}
@book{hayden1980one,
  title={One Child},
  author={Hayden, Torey},
  year={1980},
  publisher={HarperCollins}
}
@book{payne1930stars,
  title={Stars of High Luminosity},
  author={Payne-Gaposchkin, Cecilia},
  year={1930},
  publisher={Harvard University Press}
}
@book{weil1958oppression,
  title={Oppression and Liberty},
  author={Weil, Simone},
  year={1958},
  publisher={Routledge}
}
@book{giblin2022chokepoint,
  title={Chokepoint Capitalism: How Big Tech and Big Content Captured Creative Labor Markets and How We’ll Win Them Back},
  author={Giblin, Rebecca and Doctorow, Cory},
  year={2022},
  publisher={Beacon Press}
}
@book{he2024apple,
  title={Apple in China},
  author={He, Yinan},
  year={2024},
  publisher={Cambridge University Press}
}
@book{zuboff2019age,
  title={The Age of Surveillance Capitalism},
  author={Zuboff, Shoshana},
  year={2019},
  publisher={PublicAffairs}
}
@book{gould1977ontogeny,
  title={Ontogeny and Phylogeny},
  author={Gould, Stephen Jay},
  year={1977},
  publisher={Harvard University Press}
}
@book{zahavi1997handicap,
  title={The Handicap Principle: A Missing Piece of Darwin’s Puzzle},
  author={Zahavi, Amotz and Zahavi, Avishag},
  year={1997},
  publisher={Oxford University Press}
}
@article{belsky1991childhood,
  title={Childhood Experience and the Development of Reproductive Strategies},
  author={Belsky, Jay},
  journal={Child Development},
  volume={62},
  number={4},
  pages={647--670},
  year={1991},
  publisher={Wiley}
}
@book{henrich2016secret,
  title={The Secret of Our Success: How Culture Is Driving Human Evolution, Domesticating Our Species, and Making Us Smarter},
  author={Henrich, Joseph},
  year={2016},
  publisher={Princeton University Press}
}
@book{guyon1897autobiography,
  title={An Autobiography},
  author={Guyon, Jeanne-Marie Bouvier de La Motte},
  translator={Digby, Thomas},
  year={1897},
  publisher={Christian Literature Publishing Co.}
}
@book{hadot1995philosophy,
  title={Philosophy as a Way of Life},
  author={Hadot, Pierre},
  year={1995},
  publisher={Blackwell}
}
@book{koyre1957closed,
  title={From the Closed World to the Infinite Universe},
  author={Koyré, Alexandre},
  year={1957},
  publisher={Johns Hopkins University Press}
}
@book{rand1957atlas,
  title={Atlas Shrugged},
  author={Rand, Ayn},
  year={1957},
  publisher={Random House}
}
@book{rand1943fountainhead,
  title={The Fountainhead},
  author={Rand, Ayn},
  year={1943},
  publisher={Bobbs-Merrill}
}
@book{burns2009goddess,
  title={Goddess of the Market: Ayn Rand and the American Right},
  author={Burns, Jennifer},
  year={2009},
  publisher={Oxford University Press}
}
@book{mirowski2011science,
  title={Science-Mart: Privatizing American Science},
  author={Mirowski, Philip},
  year={2011},
  publisher={Harvard University Press}
}
@book{doctorow2023internet,
  title={The Internet Con: How to Seize the Means of Computation},
  author={Doctorow, Cory},
  year={2023},
  publisher={Verso}
}
@book{card1991xenocide,
  title={Xenocide},
  author={Card, Orson Scott},
  year={1991},
  publisher={Tor Books}
}
@book{hesse1969glass,
  title={The Glass Bead Game},
  author={Hesse, Hermann},
  year={1969},
  publisher={Holt, Rinehart and Winston}
}
@book{strugatsky2016doomed,
  title={The Doomed City},
  author={Strugatsky, Arkady and Strugatsky, Boris},
  year={2016},
  publisher={Chicago Review Press}
}
@book{malcolmx1965,
  title={The Autobiography of Malcolm X},
  author={Malcolm X and Haley, Alex},
  year={1965},
  publisher={Grove Press}
}
@book{applebaum2020twilight,
  title     = {Twilight of Democracy: The Seductive Lure of Authoritarianism},
  author    = {Anne Applebaum},
  year      = {2020},
  publisher = {Doubleday},
  address   = {New York},
  isbn      = {9780385545808}
}

